% blockchains

@misc{nakamoto,
    author = {Nakamoto, Satoshi},
    title = {Bitcoin: A peer-to-peer electronic cash system},
    url = {http://www.bitcoin.org/bitcoin.pdf},
    year = 2009
}

@inproceedings{merkle,
  title={A digital signature based on a conventional encryption function},
  author={Merkle, Ralph C},
  booktitle={Conference on the Theory and Application of Cryptographic Techniques},
  pages={369--378},
  year={1987},
  organization={Springer}
}

@online{ergo,
  title={Ergo platform},
  author={Chepurnoy, Alexander},
  year=2017,
  url={https://ergoplatform.org/}
}

@online{nimiq,
  title={Nimiq},
  author={Nimiq Team},
  year=2018,
  url={https://nimiq.com/en/}
}

@online{webdollar,
  title={WebDollar - Currency of the Internet},
  author={WebDollar Team},
  year=2017,
  url={https://webdollar.io}
}

@article{mmr-1,
  title={RFC6962: Certificate Transparency},
  author={Laurie, Ben and Langley, Adam and Kasper, Emilia},
  journal={Request for Comments. IETF},
  year={2013}
}

@misc{mmr-2,
  Author = {Peter Todd},
  Note = {\url{https://github.com/opentimestamps/opentimestamps-server/blob/master/doc/merkle-mountain-range.md}},
  Title = {Merkle Mountain Ranges},
  Year = {October 2012}
}

@inproceedings{selfish,
  title={Majority is not enough: Bitcoin mining is vulnerable},
  author={Eyal, Ittay and Sirer, Emin G{\"u}n},
  booktitle={International conference on financial cryptography and data security},
  pages={436--454},
  year={2014},
  organization={Springer}
}

@article{wood,
    Author = {Wood, Gavin},
    Journal = {Ethereum Project Yellow Paper},
    Pages = {1--32},
    Title = {Ethereum: A secure decentralised generalised transaction ledger},
    Volume = {151},
    Year = {2014}
}

@article{buterin,
    Author = {Buterin, Vitalik and others},
    Journal = {white paper},
    Title = {A next-generation smart contract and decentralized application platform},
    Year = {2014}
}

% Sidechains

@mastersthesis{gglou,
  author={Christoglou, Georgios},
  title={Enabling crosschain transactions using NIPoPoWs},
  school={Imperial College London},
  year=2018
}

@inproceedings{nipopows,
    Author = {Kiayias, Aggelos and Miller, Andrew and Zindros, Dionysis},
    Title = {{Non-Interactive Proofs of Proof-of-Work}},
    booktitle={International Conference on Financial Cryptography and Data Security},
    organization={Springer},
    Year = {2020},
}

@inproceedings{pow-sidechains,
    title={Proof-of-Work Sidechains},
    author={Kiayias, Aggelos and Zindros, Dionysis},
    booktitle={International Conference on Financial Cryptography and Data Security},
    organization={Springer},
    publisher={Springer},
    year={2019}
}

@inproceedings{burn,
    title={Proof-of-Burn},
    author={Karantias, Kostis and Kiayias, Aggelos and Zindros, Dionysis},
    booktitle={International Conference on Financial Cryptography and Data Security},
    year={2019}
}

@inproceedings{compactsuperblocks,
    title={Compact Storage of Superblocks for NIPoPoW Applications},
  booktitle={The 1st International Conference on Mathematical Research for Blockchain Economy},
  author={Karantias, Kostis and Kiayias, Aggelos and Zindros, Dionysis},
  organization={Springer Nature},
  year={2019}
}

@misc{derivatives,
    author={Karantias, Kostis and Kiayias, Aggelos and Zindros, Dionysis},
    Title = {Smart Contract Derivatives},
    Year = {2020},
    institution={Cryptology ePrint Archive, Report 2020/138, 2020.}
}

@misc{crosschain-sok,
    title={{SoK: Communication across distributed ledgers}},
    author={Zamyatin, Alexei and Al-Bassam, Mustafa and Zindros, Dionysis and Kokoris-Kogias, Eleftherios and Moreno-Sanchez, Pedro and Kiayias, Aggelos and Knottenbelt, William J},
    year={2019},
    institution={Cryptology ePrint Archive, Report 2019/1128, 2019.}
}

@inproceedings{pos-sidechains,
    title={Proof-of-Stake Sidechains},
    author={Kiayias, Aggelos and Ga{\v z}i, Peter and Zindros, Dionysis},
    booktitle={IEEE Symposium on Security and Privacy},
    organization={IEEE},
    publisher={IEEE},
    year={2019}
}

@phdthesis{dionyziz,
    title={Decentralized Blockchain Interoperability},
    author={Zindros, Dionysis},
    year={2020},
    month={Apr},
    publisher={University of Athens}
}

@inproceedings{popow,
    title={Proofs of Proofs of Work with Sublinear Complexity},
    author={Kiayias, Aggelos and Lamprou, Nikolaos and Stouka, Aikaterini-Panagiota},
    booktitle={International Conference on Financial Cryptography and Data Security},
    pages={61--78},
    year={2016},
    organization={Springer}
}

@MastersThesis{gtklocker,
    author={Kostis Karantias},
    title={{Enabling NIPoPoW Applications on Bitcoin Cash}},
    school={University of Ioannina},
    address={Ioannina, Greece},
    year={2019}
}

@article{flyclient,
    title={Flyclient: Super-Light Clients for Cryptocurrencies.},
    author={B{\"u}nz, Benedikt and Kiffer, Lucianna and Luu, Loi and Zamani, Mahdi},
    booktitle={To appear in 2020 IEEE Symposium on Security and Privacy (SP)},
    year={2020},
    organization={IEEE}
}

@article{generic-client,
  title={Generic Superlight Client for Permissionless Blockchains},
  author={Lu, Yuan and Tang, Qiang and Wang, Guiling},
  journal={arXiv preprint arXiv:2003.06552},
  year={2020}
}

@inproceedings{contract-opt-1,
  title={Under-optimized smart contracts devour your money},
  author={Chen, Ting and Li, Xiaoqi and Luo, Xiapu and Zhang, Xiaosong},
  booktitle={2017 IEEE 24th International Conference on Software Analysis, Evolution and Reengineering (SANER)},
  pages={442--446},
  year={2017},
  organization={IEEE}
}   `

@inproceedings{contract-opt-2,
  title={Towards saving money in using smart contracts},
  author={Chen, Ting and Li, Zihao and Zhou, Hao and Chen, Jiachi and Luo, Xiapu and Li, Xiaoqi and Zhang, Xiaosong},
  booktitle={2018 IEEE/ACM 40th International Conference on Software Engineering: New Ideas and Emerging Technologies Results (ICSE-NIER)},
  pages={81--84},
  year={2018},
  organization={IEEE}
}

@inproceedings{slither,
  title={Slither: a static analysis framework for smart contracts},
  author={Feist, Josselin and Grieco, Gustavo and Groce, Alex},
  booktitle={2019 IEEE/ACM 2nd International Workshop on Emerging Trends in Software Engineering for Blockchain (WETSEB)},
  pages={8--15},
  year={2019},
  organization={IEEE}
}

@online{memory-array,
  title={{Memory Array Building}},
  url={https://fravoll.github.io/solidity-patterns/memory_array_building.html},
  author={Franz Volland},
  howpublished={Available at: \url{https://github.com/fravoll/solidity-patterns}},
  urldate={2020-06-01},
  month={April},
  year={2018}
}

@article{madmax,
  title={Madmax: Surviving out-of-gas conditions in ethereum smart contracts},
  author={Grech, Neville and Kong, Michael and Jurisevic, Anton and Brent, Lexi and Scholz, Bernhard and Smaragdakis, Yannis},
  journal={Proceedings of the ACM on Programming Languages},
  volume={2},
  number={OOPSLA},
  pages={1--27},
  year={2018},
  publisher={ACM New York, NY, USA}
}

@article{ipfs,
  title={Ipfs-content addressed, versioned, p2p file system},
  author={Benet, Juan},
  journal={arXiv preprint arXiv:1407.3561},
  year={2014}
}

@online{ipfs-1,
  title={{Store data by logging to reduce gas cost}},
  url={https://github.com/ethereum/EIPs/issues/2307},
  author={Tak},
  howpublished={Available at: \url{https://github.com/ethereum/EIPs/issues/2307}},
  urldate={2020-06-01},
  month={October},
  year={2019}
}

@online{ipfs-2,
  title={{Off-Chain Data Storage: Ethereum \& IPFS}},
  url={https://medium.com/@didil/off-chain-data-storage-ethereum-ipfs-570e030432cf},
  author={Adil H},
  howpublished={Available at: \url{https://medium.com/@didil/off-chain-data-storage-ethereum-ipfs-570e030432cf}},
  urldate={2020-06-01},
  month={October},
  year={2017}
}

@online{logs,
  title={{A Guide to Events and Logs in Ethereum Smart Contracts}},
  url={https://consensys.net/blog/blockchain-development/guide-to-events-and-logs-in-ethereum-smart-contracts/},
  author={ConsenSys},
  howpublished={Available at: \url{https://consensys.net/blog/blockchain-development/guide-to-events-and-logs-in-ethereum-smart-contracts/}},
  urldate={2020-06-01},
  month={June},
  year={2016}
}

@online{btcrelay,
  title={{BTC Relay}},
  url={https://github.com/ethereum/btcrelay},
  author={Joseph Chow},
  howpublished={Available at: \url{https://github.com/ethereum/btcrelay}},
  urldate={2020-01-01},
  month={Dec},
  year={2014}
}

@online{eth-gas-station,
  title={{ETH Gas Station}},
  url={https://ethgasstation.info},
  author={ethgasstation},
  howpublished={Available at: \url{https://github.com/ethgasstation}},
  urldate={2020-06-01},
  month={May},
  year={2020}
}

@article{keccak,
  title={The keccak reference},
  author={Bertoni, Guido and Daemen, Joan and Peeters, Micha{\"e}l and Assche, GV},
  journal={Submission to NIST (Round 3)},
  volume={13},
  pages={14--15},
  year={2011}
}

@inproceedings{eclipse,
  title={Eclipse Attacks on Bitcoin's Peer-to-Peer Network.},
  author={Heilman, Ethan and Kendler, Alison and Zohar, Aviv and Goldberg, Sharon},
  booktitle={USENIX Security Symposium},
  pages={129--144},
  year={2015}
}

@techreport{eclipse-ethereum,
  title={Ethereum eclipse attacks},
  author={W{\"u}st, Karl and Gervais, Arthur},
  year={2016},
  institution={ETH Zurich}
}

% prelims
@online{buterinforks,
  author={Vitalik Buterin},
  title={Hard Forks, Soft Forks, Defaults and Coercion},
  year={2017},
  url={http://web.archive.org/web/20080207010024/http://www.808multimedia.com/winnt/kernel.htm},
  urldate={2017-03-14}
}

@article{edrax,
  title={Edrax: A Cryptocurrency with Stateless Transaction Validation.},
  author={Chepurnoy, Alexander and Papamanthou, Charalampos and Zhang, Yupeng},
  journal={IACR Cryptology ePrint Archive},
  volume={2018},
  pages={968},
  year={2018}
}

@inproceedings{pow,
  title={Pricing via processing or combatting junk mail},
  author={Dwork, Cynthia and Naor, Moni},
  booktitle={Annual International Cryptology Conference},
  pages={139--147},
  year={1992},
  organization={Springer}
}

@article{backbone,
  author = {Juan Garay and Aggelos Kiayias and Nikos Leonardos },
  title = {The bitcoin backbone protocol: Analysis and applications},
  journal = {Annual International Conference on the Theory and Applications of Cryptographic Techniques},
  pages = {281-310},
  publisher = {Springer},
  year = {2015}
}

@inproceedings{ro,
  title={Random oracles are practical: A paradigm for designing efficient protocols},
  author={Bellare, Mihir and Rogaway, Phillip},
  booktitle={Proceedings of the 1st ACM conference on Computer and communications security},
  pages={62--73},
  year={1993},
  organization={ACM}
}

@article{plasma,
  title={Plasma: Scalable autonomous smart contracts},
  author={Poon, Joseph and Buterin, Vitalik},
  journal={White paper},
  pages={1--47},
  year={2017}
}

@inproceedings{piza,
  title={Pisa: Arbitration outsourcing for state channels},
  author={McCorry, Patrick and Bakshi, Surya and Bentov, Iddo and Meiklejohn, Sarah and Miller, Andrew},
  booktitle={Proceedings of the 1st ACM Conference on Advances in Financial Technologies},
  pages={16--30},
  year={2019}
}

% @article{optimistic-1,
%   title={Optimistic Game SemanticsVision for a Unified Layer 2},
%   author={Jones, Ben and Floersch, Karl},
%   journal={White paper},
%   pages={1--16},
%   year={2020}
% }

@misc{rollups-1,
  Author = {Alex Gluchowski},
  Note = {\url{https://medium.com/matter-labs/optimistic-vs-zk-rollup-deep-dive-ea141e71e075}},
  Title = {Optimistic vs. ZK Rollup: Deep Dive},
  Year = {November 2019}
}

@misc{rollups-2,
  Author = {Karl Floersch},
  Note = {\url{https://medium.com/plasma-group/ethereum-smart-contracts-in-l2-optimistic-rollup-2c1cef2ec537}},
  Title = {Ethereum Smart Contracts in L2: Optimistic Rollup},
  Year = {August 2019}
}
